<record><leader>00000cas a22000007a 4500</leader><controlfield tag="001">18387170</controlfield><controlfield tag="008">880822d19731991ohuwr ne      0    0eng d</controlfield><datafield ind1=" " ind2=" " tag="010"><subfield code="a">sn 88077785 </subfield></datafield><datafield ind1=" " ind2=" " tag="040"><subfield code="a">ONP</subfield><subfield code="b">eng</subfield><subfield code="c">ONP</subfield><subfield code="d">EBZ</subfield><subfield code="d">OCLCQ</subfield></datafield><datafield ind1=" " ind2=" " tag="042"><subfield code="a">msc</subfield></datafield><datafield ind1="0" ind2="4" tag="245"><subfield code="a">The Reynoldsburg reporter.</subfield></datafield><datafield ind1=" " ind2=" " tag="260"><subfield code="a">Reynoldsburg, Ohio :</subfield><subfield code="b">Little Weekly, Inc.,</subfield><subfield code="c">1973-</subfield></datafield><datafield ind1=" " ind2=" " tag="310"><subfield code="a">Weekly</subfield></datafield><datafield ind1="0" ind2=" " tag="362"><subfield code="a">Vol. 18, no. 40 (July 25, 1973)-</subfield></datafield><datafield ind1="1" ind2=" " tag="362"><subfield code="a">Ceased with issue for Oct. 30, published in 1991.</subfield></datafield><datafield ind1=" " ind2=" " tag="752"><subfield code="a">United States</subfield><subfield code="b">Ohio</subfield><subfield code="c">Franklin</subfield><subfield code="d">Reynoldsburg.</subfield></datafield><datafield ind1="0" ind2="0" tag="780"><subfield code="t">Little weekly (Reynoldsburg, Ohio)</subfield><subfield code="w">(DLC)sn 88077784</subfield></datafield></record>